
@misc{MAlvarado,
   Author = {M. Alvarado},
   Title = {Servicios de Medici\'on Avanzada {(AMI)} para Redes Inteligentes y su Adaptabilidad en el Marco de la Legislaci\'on Ecuatoriana},
   Volume = {2011},
   Number = {2011},
   School = {Universidad de Cuenca},
 Year = {2011} }

@article{bahr,
author = { Bahr, Michael},
year = {2016},
month = {10},
pages = {1},
title = {Update on the Hybrid Wireless Mesh Protocol of {IEEE} 802.11s},
journal = {Siemens Corporate Technology, Information and Communications}
}

@masterthesis{RuizM,
    author    = {Milton Ruiz},
    title     = {Interoperabilidad entre medidores inteligentes de energ\'ia el\'ectrica residencial},
    school    = {Universidad Polit\'ecnica Salesiana Sede Quito},
    ?_type     = {Thesis},
    year      = {2015},
    Note = {Obtenido desde https://dspace.ups.edu.ec/bitstream/123456789/8435/6/UPS-KT01062.pdf , en agosto 2020}
}

@masterthesis{VazquezA,
    author    = {Adri\'an Vazquez},
    title     = {Dise\~no e implementaci\'on de una red WiFi mallada que soporte protocolo Modbus para equipos de control industrial.},
    school    = {Universidad Central de Venezuela},
    ?_type     = {Thesis},
    year      = {2020},
    Note = {Consultado en Octubre, 2020}
}

@online{energy-m-IEC,
	author = {IEC},
	title = {313-01-35},
	year = {2007},
	url = {http://www.electropedia.org/iev/iev.nsf/display?openform\&ievref=313-01-35},
	Note = {Disponible en http://www.electropedia.org/iev/iev.nsf/
		    display?openform\&ievref=313-01-35 , consultado en agosto 2020},
}

@masterthesis{DianaL,
    author    = {Diana Londono},
    title     = {Desarrollo de una gu\'ia enfocada a medidores de energ\'ia y conexiones de medidores},
    school    = {Universidad Tecnol\'ogico de Pereira},
    ?_type     = {Tecnichal thesis},
    year      = {2013},
    Note = {Obtenido desde https://core.ac.uk/download/pdf/71397220.pdf , en agosto 2020}
}

@article{ScienceDirect,
author = {Rifki Muhendra, Aditya Rinaldi, Maman Budiman},
year = {2016},
pages = {331},
title = {Development of {WiFi} Mesh Infrastructure for Internet of Things applications},
journal = {Engineering Physics International Conference, EPIC 2016}
}