\begin{thebibliography}{}


@mastersthesis{Reyders2018,
	author = {Morales, R.},
	title = {Dise\={n}o de un sistema de reconocimiento de embarcaciones en
             medio mar\'{\i}timo mediante el procesamiento de im\'{a}genes},
	type = {{Trabajo de Grado}},
	school = {Universidad Central de Venezuela},
	year = {2018},
}


@mastersthesis{Bracho2016,
	author = {Bracho, J.},
	title = {Dise\={n}o e implementaci\'{o}n de un sistema de reconocimiento de matr\'{\i}cula vehiculares},
	type = {{Trabajo de Grado}},
	school = {Universidad Central de Venezuela},
	year = {2016},
}


@ARTICLE{ARevew2014,
	author = {Dhiraj, Y.G.  and Pramod, B.B.},
	title = {A Review Paper on Automatic Number Plate Recognition (ANPR) System},
	journal = {International Journal of Innovative Research in Advanced Engineering (IJIRAE)},
	year = {2014},
	volume = {1},
	pages = {88-92}
}

@mastersthesis{Fernandez2011,
	author = {Fern\'{a}ndez, A.},
	title = {Desarrollo de un modelo computacional para un sistema de
             reconocimiento de matr\'{\i}culas a trav\'{e}s de una imagen
             proveniente de una c\'{a}mara de tr\'{a}fico},
	type = {{Trabajo de Grado}},
	school = {Universidad Central de Venezuela},
	year = {2011}
}


@online{Alonso2018,
	author = {Laura Alonso},
	title = {Qu\'{e} es una imagen vectorial},
	year = {2018},
	howpublished = {Consultado en: \url{https://marketing4ecommerce.net/que-es-una-imagen-vectorial-y-como-reconocerla/}},
	note = {Fecha de consulta: 20-01-2020}
}

@online{Alegsa2010,
	author = {Leandro Alegsa},
	title = {Definici\'{o}n de Gr\'{a}fico rasterizado},
	year = {2010},
	howpublished = {Consultado en: \url{ https://marketing4ecommerce.net/que-es-una-imagen-vectorial-y-como-reconocerla/http://www.alegsa.com.ar/Dic/grafico_rasterizado.php}},
	note = {Fecha de consulta: 20-01-2020}
	
}

@Inbook{ImageProcess,
	author = {Petrou, M. y Petrou, C.},
	title = {Image Processing: The Fundamentalsl},
	year = {2010},
	page = {11} ,
	chapter = {1},
	edition = {2da},
	
}

@Inbook{MaskDev,
	author = {Brend, J.  y Stefan, K.},
	title = {Handbook of ComputerVision and Applicationsl},
	year = {1999},
	page = {} ,
	chapter = {},
	edition = {1ra},
	
}

@Inbook{Operadores,
	author = {Gonzales, R.  y Woods, R.},
	title = {Digital image processing},
	year = {2007},
	page = {} ,
	chapter = {},
	edition = {3ra},
	
}


@ARTICLE{Binarizacion,
	author = {Magro, R.},
	title = {Binarizacion de im\'{a}genes digitales y su algoritmia como herramienta aplicada a la ilustriacion entomologica},
	journal = {Bolet\'{i}n de la Sociedad Entomol\'{o}gica Aragonesa (S.E.A.)},
	year = {2013},
	volume = {53},
	pages = {445},
}

@online{imread,
	author = {Doxygen},
	title = {Image file reading and writing, imread },
	year = {2019},
	howpublished = {Consultado en: \url{https://docs.opencv.org/3.4/d4/da8/group__imgcodecs.html#ga288b8b3da0892bd651fce07b3bbd3a56}},
	note = {Fecha de consulta: 30-06-2020}
	
}

@online{imgshape,
	author = {Doxygen},
	title = {Accessing Image Properties, image shape },
	year = {2019},
	howpublished = {Consultado en: \url{https://docs.opencv.org/master/d3/df2/tutorial_py_basic_ops.html}},
	note = {Fecha de consulta: 30-06-2020}
	
}

@online{resize,
	author = {Team OpenCV},
	title = {Geometric Image Transformations, resize },
	year = {2019},
	howpublished = {Consultado en: \url{https://docs.opencv.org/2.4/modules/imgproc/doc/geometric_transformations.html?highlight=resize#resize}},
	note = {Fecha de consulta: 30-06-2020}
	
}

@online{GaussianBlur,
	author = {Doxygen},
	title = {Smoothing images, Gaussian Blur },
	year = {2019},
	howpublished = {Consultado en: \url{https://docs.opencv.org/3.4/dc/dd3/tutorial_gausian_median_blur_bilateral_filter.html}},
	note = {Fecha de consulta: 30-06-2020}
	
}

@online{cvTcolor,
	author = {Team OpenCV},
	title = {Miscellaneous Image Transformations, cvtColor },
	year = {2019},
	howpublished = {Consultado en: \url{https://docs.opencv.org/2.4/modules/imgproc/doc/miscellaneous_transformations.html#cvtcolor}},
	note = {Fecha de consulta: 30-06-2020}
	
}

@online{AdaptTresh,
	author = {Team OpenCV },
	title = { Miscellaneous Image Transformations, Adaptative Treshold},
	year = {2019},
	howpublished = {Consultado en: \url{ https://docs.opencv.org/2.4/modules/imgproc/doc/miscellaneous_transformations.html}},
	note = {Fecha de consulta: 30-06-2020}

}

@online{Dilate,
	author = {Team OpenCV },
	title = {Morphological operations, Eroding and Dilating},
	year = {2019},
	howpublished = {Consultado en: \url{ https://docs.opencv.org/2.4/doc/tutorials/imgproc/erosion_dilatation/erosion_dilatation.html}},
	note = {Fecha de consulta: 30-06-2020}
	
}


@online{findContours,
	author = {Team OpenCV},
	title = {Structural Analysis and Shape Descriptors, findContour },
	year = {2019},
	howpublished = {Consultado en: \url{https://docs.opencv.org/2.4/modules/imgproc/doc/structural_analysis_and_shape_descriptors.html?highlight=findcontours#findcontours}},
	note = {Fecha de consulta: 30-06-2020}
	
}

@online{boundRectangle,
	author = {Doxygen},
	title = {Structural Analysis and Shape Descriptors, boundingRect },
	year = {2019},
	howpublished = {Consultado en: \url{https://docs.opencv.org/3.4/d3/dc0/group__imgproc__shape.html#ga103fcbda2f540f3ef1c042d6a9b35ac7}},
	note = {Fecha de consulta: 30-06-2020}
	
}

@online{rectangle,
	author = {Team OpenCV},
	title = {Drawing Functions, rectangle },
	year = {2019},
	howpublished = {Consultado en: \url{https://docs.opencv.org/2.4/modules/core/doc/drawing_functions.html#rectangle}},
	note = {Fecha de consulta: 30-06-2020}
	
}



@ARTICLE{SVN,
	author = {Cortes, C. and Vapnik, V.},
	title = {Suport Vector Networks},
	journal = {Kluwer Academic Publishers, Boston. Manufactured in The Netherlands.},
	year = {1995},
	volume = {},
	pages = {273-297}
	
}


@Inbook{SVM2014,
	author = {Cristianini, N. and Shawer-Taylor, J.},
	title = {An introduction to Support Vector machines and other Kernels-based learning methods},
	publisher = {Cambridge University Press} ,
	addres = {University Printing House, Cambridge CB2 8BS,United Kingdom},
	year = {2014},
	page = {10} ,
	chapter = {1, 3, 6},
	edition = {16th},
	
}

@online{Sklearn,
	author = {scikit-learn developers},
	title = {Support Vector Machines},
	year = {2020},
	howpublished = {Consultado en: \url{ https://scikit-learn.org/stable/modules/svm.html#svm-classification}},
	note = {Fecha de consulta: 12-12-2020}
	
}

@Inbook{Manual,
	author = {U.P.E.L.},
	title = {Manual de trabajos de grado, Especializaci\'{o}n
	y Maest\'{i
	
	
	
	
	
	
	
	
	
	
	
	
	
	
	
	
	
	
	}a y Tesis Doctorales.},
	publisher = {FEDUPEL} ,
	addres = {Universidad Pedag\'{o}ica Experimental Libertador
	Vicerrectorado de Investigaci\'{o}n y Postgrado Parque del Oeste, Catia. Caracas, 1010. Apartado 2939. Venezuela. },
	year = {2006},
	page = {13} ,
	chapter = {2},
	edition = {3ra},
	
}

@ARTICLE{Cover:1965,
  author =       {Cover, T.},
  title =        {Geometrical and statical properties of systems of linear inequalities with applications in patters
recognition},
  journal =      {IEEE Transactions of Electronic Computer},
  year =         {1965},
  volume =       {14},
  pages =        {326--334},
}

@BOOK{Vapnik:1995,
  author =       {Vapnik, V.},
  title =        {The Nature of Statistical Learning Theory},
  publisher =    {Springer-Verlag},
  year =         {1995},
  address =      {New York},
}

@BOOK{SarkarBaliSharma:2018,
  author =       {Sarkar, D. and Bali, R. and Sharma, T.},
  title =        {Practical Machine Learning with Python. A Problem-Solver's Guide to Building Real-World Intelligent Systems},
  publisher =    {Apress},
  year =         {2018},
  address =      {New York},
}





\end{thebibliography}
